%%%INTRO


@article{Aprahamian2002,
  title = "{Lifetime measurements of excited ${K}^{\ensuremath{\pi}}{=0}^{+}$ bands in ${}^{178}\mathrm{Hf}$}",
  author = {Aprahamian, A. and de Haan, R. C. and B\"orner, H. G. and Lehmann, H. and Doll, C. and Jentschel, M. and Bruce, A. M. and Piepenbring, R.},
  journal = {Phys. Rev. C},
  volume = {65},
  issue = {3},
  pages = {031301},
  numpages = {4},
  year = {2002},
  month = {Feb},
}
@article{Aprahamian200642,
title = "Complete spectroscopy of the {$^{162}$Dy} nucleus",
journal = "Nuclear Physics A ",
volume = "764",
number = "",
pages = "42 - 78",
year = "2006",
note = "",
issn = "0375-9474",
author = {A. Aprahamian and X. Wu and S.R. Lesher and D.D. Warner and W. Gelletly and H.G. B\"orner and F. Hoyler and K. Schreckenbach and R.F. Casten and Z.R. Shi and D. Kusnezov and M. Ibrahim and A.O. Macchiavelli and M.A. Brinkman and J.A. Becker},
}
@article{Aprahamian2004,
title = "{From ripples to tidal waves: Low lying vibrational motion in nuclei}",
journal = "Nuclear Physics A ",
volume = "731",
number = "",
pages = "291 - 298",
year = "2004",
note = "",
author = "A. Aprahamian",
}
@article{Belgya_DSAM1996,
title = "{Analysis of Doppler-shift attenuation measurements performed with accelerator-produced monoenergetic neutrons}",
journal = "Nuclear Physics A",
volume = "607",
number = "",
pages = "43 - 61",
year = "1996",
note = "",
author = "T. Belgya and G. Molnar and S.~W. Yates",
}
@article{Bender_pairing2000,
title = "{Pairing Gaps from Nuclear Mean-Field Models}",
journal = "EPJ",
volume = "731",
number = "",
pages = "291 - 298",
year = "2004",
note = "",
author = "M. Bender and K. Rutz and P.~G. Reinhard and J.~A. Maruhn",
}
@article{Borner_collective1999,
  title = "{Ultrahigh resolution study of collective modes in $^{158}$Gd}",
  author = {B\"orner, H. G. and Jentschel, M. and Zamfir, N. V. and Casten, R. F. and Krticka, M. and Andrejtscheff, W.},
  journal = {Phys. Rev. C},
  volume = {59},
  issue = {5},
  pages = {2432--2439},
  numpages = {0},
  year = {1999},
  month = {May},
  }
  @article{Casten_deformation1981,
  title = "{Relation between the $Z=64$ Shell Closure and the Onset of Deformation at $N=88-90$}",
  author = {Casten, R.F. and Warner, D.D. and Brenner, D.S. and Gill, R.L.},
  journal = {Phys. Rev. Lett.},
  volume = {47},
  issue = {20},
  pages = {1433--1436},
  numpages = {0},
  year = {1981},
  month = {Nov},
  
}
@article{Chakraborty_negparity2012,
  title = "{New decay pattern of negative-parity states at $N=90$}",
  author = {Chakraborty, A. and Prados-Est\'evez, F. M. and Choudry, S.N. and Crider, B.P. and Garrett, P.E. and Kulp, W. D. and Kumar, A. and McEllistrem, M. T. and Mukhopadhyay, S. and Mynk, M.G. and Orce, J.N. and Peters, E. E. and Wood, J. L. and Yates, S. W.},
  journal = {Phys. Rev. C},
  volume = {86},
  issue = {6},
  pages = {064314},
  numpages = {6},
  year = {2012},
  month = {Dec},
  }
@article{Gibson_BlockingLifetimes1975,
author = {W.M Gibson},
title = "{Blocking Measurements of Nuclear Decay Times}",
journal = {Annual Review of Nuclear Science},
volume = {25},
number = {1},
pages = {465-508},
year = {1975},
}
@article{Clark_pairtransfer2009,
  title = "{Unified framework for understanding pair transfer between collective states in atomic nuclei}",
  author = {Clark, R.M. and Casten, R.F. and Bettermann, L. and Winkler, R.},
  journal = {Phys. Rev. C},
  volume = {80},
  issue = {1},
  pages = {011303},
  numpages = {5},
  year = {2009},
  month = {Jul},
}
@article{ENGELBRECHT1970187,
title = "Multiple scattering correction for inelastic scattering from cylindrical targets",
journal = "Nuclear Instruments and Methods",
volume = "80",
number = "2",
pages = "187 - 191",
year = "1970",
author = "C.A. Engelbrecht",

}
@article{Garrett_DSAM_INS2000,
  title = "{Nuclear Structure Studies With the Inelastic Neutron Scattering Reaction and Gamma-Ray Detection}",
  author = {Garrett, P.E. and Warr, N. and Yates, S.W.},
  journal = {J. Res. Natl. Inst. Stand. Technol.},
  volume = {105},
  issue = {1},
  pages = {141 - 145},
  year = {2000},
  month = {Jan-Feb},
}
@article{Garrett_110Cd2008,
  title = "{Breakdown of vibrational motion in the isotopes $^{110\text{-}116}$Cd}",
  author = {Garrett, P.E. and Green, K.L. and Wood, J.L.},
  journal = {Phys. Rev. C},
  volume = {78},
  issue = {4},
  pages = {044307},
  numpages = {17},
  year = {2008},
  month = {Oct},
}
@article{Garrett_betavib2001,
  author={P.E. Garrett},
  title="{Characterization of the $\beta$ vibration and 0$^+_2$ states in deformed nuclei}",
  journal={Journal of Physics G: Nuclear and Particle Physics},
  volume={27},
  number={1},
  pages={R1},
  year={2001},
  }
  @article{GRAETZER19661,
title = "Vibrational states of deformed nuclei populated by the (p, 2n) reaction",
journal = "Nuclear Physics",
volume = "76",
number = "1",
pages = "1 - 44",
year = "1966",
author = "R. Graetzer and G.B. Hagemann and K.A. Hagemann and B. Elbek",
}
@article{Gupta_BE2quad2014,
  title = "{Test of the Grodzins product rule in $N$ = 88 isotones and the role of the $Z$ = 64 subshell}",
  author = {Gupta, J. B.},
  journal = {Phys. Rev. C},
  volume = {89},
  issue = {3},
  pages = {034321},
  numpages = {5},
  year = {2014},
  month = {Mar},
}
@article{Honig_5minus1969,
  title = "{Messung von Halbertszeiten K-berbotener \"Uberg\"ange in gg-Kernen der Seltenen Erden}",
  author = {H\"onig, V.},
  journal = {Z. Physik},
  volume = {225},
  pages = {327 - 335},
  numpages = {5},
  year = {1969},
  }
@article{JAMMARI_1988,
title = "Anharmonicities of $\gamma$-vibrations in deformed nuclei",
journal = "Nuclear Physics A",
volume = "487",
number = "1",
pages = "77 - 91",
year = "1988",
note = "",
author = "M.K. Jammari and R. Piepenbring",
}
@book{Knoll_text,
author = "G.~F Knoll",
title = "{Radiation Detection and Measurement}",
publisher = "John Wiley \& Sons",
year = "2000",
edition ="{Third}",
}
@book{CONTE_NUMERICAL_text,
author = "{S.~D. Conte and C. de Boor}",
title="{Elementary Numerical Methods of Analysis: An Algorithmic Approach}"
note = "{Piecewise Cubic Polyonmial Interpolation Program for Interpolation of Photon Cross Sections}",
publisher = "McGraw-Hill",
year = "1972",
address="{New York}"
edition ="{Second}",
}
@book{Rowe_Wood_text,
author = "{D.~J. Rowe and J.~L. Wood}",
title = "{Fundamentals of NucleSar Models: Foundational Models}",
publisher = "World Scientific Publishing Co. Pte. Ltd.",
year = "2010",
edition ="{First}",
}
@article{Lovhoiden_160pt,
  author="{G. L$\o$vh$\o$iden and T.~F. Thorsteinsen and D.~G. Burke}",
  title="{States in $^{160,162}$Gd Studied with the (t, p) Reaction}",
  journal={Physica Scripta},
  volume={34},
  number={6A},
  pages={691},
  year={1986},
}
@article{McGowan_BE2_1981,
  title = "{Reduced $M1$, $E1$, $E2$, and $E3$ transition probabilities for transitions in $^{156-160}\mathrm{Gd}$ and $^{160-164}\mathrm{Dy}$}",
  author = {McGowan, F. K. and Milner, W. T.},
  journal = {Phys. Rev. C},
  volume = {23},
  issue = {5},
  pages = {1926--1937},
  numpages = {0},
  year = {1981},
  month = {May},
}
@article{Meyer_pt0_2006,
  title = "{Extensive investigation of ${0}^{+}$ states in rare earth region nuclei}",
  author = {Meyer, D. A. and Wood, V. and Casten, R. F. and Fitzpatrick, C. R. and Graw, G. and Bucurescu, D. and Jolie, J. and Brentano, P. von and Hertenberger, R. and Wirth, H.-F. and Braun, N. and Faestermann, T. and Heinze, S. and Jerke, J. L. and Kr\"ucken, R. and Mahgoub, M. and M\"oller, O. and M\"ucher, D. and Scholl, C.},
  journal = {Phys. Rev. C},
  volume = {74},
  issue = {4},
  pages = {044309},
  numpages = {12},
  year = {2006},
  month = {Oct},
}
@article{NEERGARD197033,
title = "{Low-lying octupole states of the doubly even deformed nuclei with 152 $\leq$ A $\leq$ 190}",
journal = "Nuclear Physics A",
volume = "145",
number = "1",
pages = "33 - 80",
year = "1970",
author = "K. Neergard and P. Vogel",
}
@article{PETERS_DSAM2013,
title = "{Level lifetimes in the stable Zr nuclei: Effects of chemical properties in Doppler-shift measurements}",
journal = "Physical Review C",
volume = "88",
pages = "024316",
year = "2013",
note = "",
author = "E.~E. Peters and A. Chakraborty and B.~P. Crider and B.~H. Davis and M.~K. Gnanamani and M.~T. McEllistrem and F.~M. Prados-Estevez and J.~R. Vanhoy and S.~W. Yates",
month="Aug"
}
@article{PIEPENBRING_negpar_1991,
title = "{On the interpretation of low-lying negative-parity states in even-even transitional nuclei of the barium region}",
journal = "Physics Letters B",
volume = "267",
number = "1",
pages = "17 - 22",
year = "1991",
note = "",
author = "R. Piepenbring and J. Leandri",
}
@article{Pietrella_beta_2004,
  title = "{Evolution of the ``$\ensuremath{\beta}$ excitation'' in axially symmetric transitional nuclei}",
  author = {Pietralla, N. and Gorbachenko, O. M.},
  journal = {Phys. Rev. C},
  volume = {70},
  issue = {1},
  pages = {011304},
  numpages = {5},
  year = {2004},
  month = {Jul},
}
@article{SharpeySchafer_beta2011,
	author = {{Sharpey-Schafer, J.F.} and {Mullins, S.M.} and {Bark, R.A.} and {Kau, J.} and {Komati, F.} and {Lawrie, E.A.} and {Lawrie, J.J.} and {Madiba, T.E.} and {Maine, P.} and {Minkova, A.} and {Murray, S.H.T.} and {Ncapayi, N.J.} and {Vymers, P.A.}},
	title = "{Congruent band structures in $^{154}$Gd: Configuration-dependent pairing, a double vacuum and lack of $\beta$ -vibrations}",
	journal = {Eur. Phys. J. A},
	year = "2011",
	volume = "47",
	number = "1",
	pages = "5",
	month = "Jan",
}
@article{SHELDON197399,
title = "{Computation of total and differential cross section for compound nuclear reactions of the type (a,a), (a,a'), (a,b), (a,$\gamma$), (a,$\gamma$-$\gamma$), (a,b$\gamma$) and (a,b$\gamma$-$\gamma$)}",
journal = "Computer Physics Communications",
volume = "6",
number = "3",
pages = "99 - 131",
year = "1973",
note = "",
author = "E. Sheldon and V.C. Rogers",

}
@phdthesis{GAMBIT_BORING1960,
author="J. Boring",
title="{Gamma-ray ABSortption Correction (ABSCOR)}",
school="University of Kentucky",
year="1960"
}
@article{Lesher_158Gdmain,
  title = "{Study of ${0}^{+}$ excitations in $^{158}\mathrm{Gd}$ with the ($n,{n}^{'}\ensuremath{\gamma}$) reaction}",
  author = {Lesher, S. R. and Orce, J. N. and Ammar, Z. and Hannant, C. D. and Merrick, M. and Warr, N. and Brown, T. B. and Boukharouba, N. and Fransen, C. and Scheck, M. and McEllistrem, M. T. and Yates, S. W.},
  journal = {Phys. Rev. C},
  volume = {76},
  issue = {3},
  pages = {034318},
  numpages = {9},
  year = {2007},
  month = {Sep},
}
@article{Lesher_158Gdpt,
  title = "{New ${0}^{+}$ excitations in $^{158}\mathrm{Gd}$}",
  author = {Lesher, S. R. and A. Aprahamian and L. Trache and A. Oros-Peusquens and S. Deyliz and A. Gollwitzer and R. Hertenberger and B.~D. },
  journal = {Phys. Rev. C},
  volume = {66},
  issue = {5},
  pages = {051305},
  numpages = {4},
  year = {2002},
  month = {Nov},
}
@article{WINTERBON_1975,
title = "{An analytic theory of Doppler-shift attenuation}",
journal = "Nuclear Physics A",
volume = "246",
number = "2",
pages = "293 - 316",
year = "1975",
note = "",
author = "K.B. Winterbon",
}
@article{Wu_2minus_2001,
  title = {Electromagnetic properties of the rotationally aligned band in ${}^{162}\mathrm{Dy}$},
  author = {Wu, C. Y. and Cline, D. and Simon, M. W. and Davis, G. A. and Teng, R. and Macchiavelli, A. O. and Vetter, K.},
  journal = {Phys. Rev. C},
  volume = {64},
  issue = {6},
  pages = {064317},
  numpages = {9},
  year = {2001},
  month = {Nov},
}
@article{WuAprahamian_multiphonon_1994,
  title = {Multiphonon vibrational states in deformed nuclei},
  author = {Wu, X. and Aprahamian, A. and Fischer, S. M. and Reviol, W. and Liu, G. and Saladin, J. X.},
  journal = {Phys. Rev. C},
  volume = {49},
  issue = {4},
  pages = {1837--1844},
  numpages = {0},
  year = {1994},
  month = {Apr},
}
@article{Zamfir_162Dy0_1999,
  title = "{Status of the ${K}^{\ensuremath{\pi}}{=0}_{2}^{+}$ band in ${}^{162}\mathrm{Dy}$}",
  author = {Zamfir, N. V. and Casten, R. F. and Liu, Benyuan and Brenner, D. S. and Barton, C. J. and Kr\"ucken, R. and Beausang, C. W. and Novak, J. R. and Cooper, J. R. and Cata-Danil, G. and Gill, R. L. and Warner, D. D.},
  journal = {Phys. Rev. C},
  volume = {60},
  issue = {5},
  pages = {054319},
  numpages = {7},
  year = {1999},
  month = {Oct},
}
@article{Zilges_K0dipole,
  title = "{A survey of $\Delta$K=0 dipole transitions from low lying J=1 states in rare earth nuclei}",
  author = {Zilges, A. and von Brentano, P. and Friedrichs, H. and Heil, R.D. and Kneissl, U. and Lindestruth, S. and Pitz, H.H. and Wesselborg, C.},
  journal = {Z Phys. A - Hadrons and Nuclei},
  volume = {340},
  pages = {155 - 158},
  year = {1991},
  month = {Apr},
}
@book{Wong_text,
author = "Samuel S.M. Wong",
title = "{Introductory Nuclear Physics}",
publisher = "Wiley-VCH",
year = "1998",
edition ="{Second}",
}
@book{Casten_text,
author = "Richard F. Casten",
title = "{Nuclear Structure from a Simple Perspective}",
publisher = "Oxford University Press",
year = "1990",
edition ="{Second}",
}
@book{BohrMott_text,
author = "Aage Bohr and Ben R. Mottelson",
title = "{Nuclear Structure}",
publisher = "World Scientific Publishing Co.",
year = "1975",
edition ="{First}",
volume="II",
address="Singapore"
}
@article{Koning_OMP_2002,
  title = "{Local and global nucleon optical models from 1 keV to 200 MeV}",
  author = {Koning, A.J. and Delaroche, J.P.},
  journal = {Nuclear Physics A},
  volume = {713},
  pages = {231 - 310},
  year = {2003},
  month = {Oct},
}
@article{BLAUGRUND_DSAM_1966,
title = "{Notes on Doppler-shift lifetime measurements}",
journal = "{Nuclear Physics}",
volume = "88",
number = "3",
pages = "501 - 512",
year = "1966",
author = "A.E. Blaugrund",
}
@book{Heyde_text,
author = "K. Heyde",
title = "{Basic Ideas and Concepts in Nuclear Physics}",
publisher = "Institute of Physics Publishing",
year = "1999",
edition ="{Second}",
}
@book{BlattWeiss_text,
author = "J.M. Blatt and V.F. Weisskopf",
title = "{Theoretical Nuclear Physics}",
publisher = "Wiley",
year = "1952",
address="London"
}
@book{Poenaru_text,
author = "D.~N. Poenaru and Walter Greiner",
title = "{Experimental Techniques in Nuclear Physics}",
publisher ="Walter de Gruyter",
year = "1997",
address="Boston"
}
@book{Bevington_text,
author = "P.~R. Bevington and D.~K. Robinson",
title = "{Data Reduction and Error Analysis for the Physical Sciences}",
publisher ="McGraw-Hill",
year = "2003",
}
@book{Pelte_text,
author = "D. Pelte and D. Schwalm",
title = "{Heavy Ion Collisions}",
volume="3",
editor="R. Bock"
address ="North-Holland",
year = "1982",
}
@misc{Garrett_phononpic,
author="{P.~E. Garrett}",
url="http://www.physics.uoguelph.ca/~pgarrett/Collective-ex-def.htm",
month="Mar",
year="2007"
}
@misc{Q3D_pic,
author="SPIRIT",
url="http://www.spirit-ion.eu/tl_files/spirit_ion/bilder/ia_1_magnetic_spectrograph_large.jpg"
}
@article{RevModPhys.83.1467,
  title = "{Shape coexistence in atomic nuclei}",
  author = "{Heyde, Kris and Wood, John L.}",
  journal = {Rev. Mod. Phys.},
  volume = {83},
  issue = {4},
  pages = {1467--1521},
  numpages = {0},
  year = {2011},
  month = {Nov},
}
@article{Ilie_E02011,
  title = "{$\textit{E0}$ transitions in deformed nuclei}",
  author = "{Gabriela Ilie and Richard~F. Casten}",
  journal = {Phys. Rev. C},
  volume = {84},
  issue = {6},
  pages = {064320},
  numpages = {6},
  year = {2011},
  month = {Dec},
}
@article{Casten_0plusbehavior2005,
  title = "{Anomalous behavior of the first excited 0$^+$ state in N$\approx$Z nuclei}",
  author = "{Casten, R.~F. and Hasegawa, M. and Mizusaki, T. Jing-ye, Zhang and E.~A. McCutchan and N.~V. Zamfir and Kr\"{u}cken, R.}",
  journal = {Phys. Rev. C},
  volume = {71},
  issue = {1},
  pages = {014319},
  numpages = {4},
  year = {2005},
  month = {Jan},
}
@article{Bonatsos_collective02009,
  title = "{Regularities and symmetries of subsets of collective 0$^+$ states}",
  author = "{Bonatsos, Dennis and E.~A. McCutchan and Casten, R.~F. Casperson, R.~J. and Werner, V. and Williams, E.}",
  journal = {Phys. Rev. C},
  volume = {80},
  issue = {3},
  pages = {034311},
  numpages = {8},
  year = {2009},
  month = {Sep},
}
@article{Bohr_pairing1958,
  title = "{Possible Analogy between the Excitation Spectra of Nuclei and Those of the Superconducting Metallic State}",
  author = "{Bohr, A. and B.~R. Mottelson and D. Pines}",
  journal = {Physical Review},
  volume = {110},
  issue = {4},
  pages = {936-938},
  numpages = {3},
  year = {1958},
  month = {May},
}
@Article{Govor_162Dy2002,
author="Govor, L. I. and Demidov, A. M. and Kurkin, V. A.",
title="{Multipole mixtures in $\gamma$ transitions accompanying the (n, n$^\prime\gamma$) reaction on $^{162}$Dy}",
journal="Physics of Atomic Nuclei",
year="2002",
volume="65",
number="5",
pages="785--794",
abstract="By using a beam of fast reactor neutrons, the angular distributions of gamma radiation from the (n,n{\textasciiacutex}$\gamma$) reaction on 162Dy are measured with respect to the axis of this beam. The values of the multipole-mixing parameter $\delta$ are found for many gamma transitions between levels whose spins and parities are known.",
}
@article{Yates_162nnp1995,
  title = {Lifetime measurements of scissors mode excitations in $^{162,164}\mathrm{Dy}$},
  author = {Johnson, E. L. and Baum, E. M. and DiPrete, D. P. and Gatenby, R. A. and Belgya, T. and Wang, D. and Vanhoy, J. R. and McEllistrem, M. T. and Yates, S. W.},
  journal = {Phys. Rev. C},
  volume = {52},
  issue = {5},
  pages = {2382--2386},
  numpages = {0},
  year = {1995},
  month = {Nov},
  publisher = {American Physical Society}
}
@article{MANG_pairing1965353,
title = "Nuclear structure and pairing correlations for the heavy elements",
journal = "Nuclear Physics",
volume = "64",
number = "3",
pages = "353 - 378",
year = "1965",
author = "H.J. Mang and J.K. Poggenburg and J.O. Rasmussen",
}
@article{Margraf_gg'NRF_1995,
  title = "{Systematics of low-lying dipole strengths in odd and even Dy and Gd isotopes}",
  author = {Margraf, J. and Eckert, T. and Rittner, M. and Bauske, I. and Beck, O. and Kneissl, U. and Maser, H. and Pitz, H. H. and Schiller, A. and Brentano, P. von and Fischer, R. and Herzberg, R.-D. and Pietralla, N. and Zilges, A. and Friedrichs, H.},
  journal = {Phys. Rev. C},
  volume = {52},
  issue = {5},
  pages = {2429--2443},
  numpages = {0},
  year = {1995},
  month = {Nov}
}
@article{WESSELBORG198822,
title = "{Photoexcitation of dipole modes in $^{160,162,164}$Dy}",
journal = "Physics Letters B",
volume = "207",
number = "1",
pages = "22 - 26",
year = "1988",
author = "C. Wesselborg and P. Von Brentano and K.O. Zell and R.D. Heil and H.H. Pitz and U.E.P. Berg and U. Kneissl and S. Lindenstruth and U. Seemann and R. Stock",
}
@article{Sharpey-Schafer2011,
author={Sharpey-Schafer, J.~F. and Madiba, T.~E. and Bvumbi, S.~P. and Lawrie, E.~A. and Lawrie, J.~J. and Minkova, A. and Mullins, S.~M. and Papka, P. and Roux, D.~G. and Tim{\'a}r, J.},
title="{Blocking of coupling to the 0$_2^+$ excitation in $^{154}$Gd by the [505]11/2- neutron in $^{155}$Gd}",
journal="The European Physical Journal A",
year="2011",
volume="47",
number="1",
pages="1--4",
}
	
@article{Garrett_02_beta,
  author={P E Garrett},
  title={Characterization of the $\beta$ vibration and 0$^+_2$ states in deformed nuclei},
  journal={Journal of Physics G: Nuclear and Particle Physics},
  volume={27},
  number={1},
  pages={R1},
  year={2001},
 }
@article{Lesher_160Gd0s,
  title = {Collectivity of ${0}^{+}$ states in $^{160}\mathrm{Gd}$},
  author = {Lesher, S. R. and Casarella, C. and Aprahamian, A. and Crider, B. P. and Ikeyama, R. and Marsh, I. R. and McEllistrem, M. T. and Peters, E. E. and Prados-Est\'evez, F. M. and Smith, M. K. and Tully, Z. R. and Vanhoy, J. R. and Yates, S. W.},
  journal = {Phys. Rev. C},
  volume = {91},
  issue = {5},
  pages = {054317},
  numpages = {6},
  year = {2015},
  month = {May},
}
@article{Berzin_160Gd_reject0,
  author="Ya. Ya. {Berzin} and E. P. {Grigorev} and T. V. {Guseva} and Yu. Ya. {Tamberg}",
  title="{The Levels of $^{160}$Gd Nucleus}",
  journal="Izv.Akad.Nauk",
  year=1989,
  volume="SSSR",
  pages="Ser.Fiz. 53, 901"
}
@Article{Govor_160Gd_2009,
author="Govor, L. I.
and Demidov, A. M.
and Kurkin, V. A.
and Mikhailov, I. V.",
title="{Multipole mixtures in gamma transitions in the (n, n$^\prime\gamma$) reaction on $^{160}$Gd}",
journal="Physics of Atomic Nuclei",
year="2009",
volume="72",
number="11",
pages="1799--1811",
}
@article{Garrett_twogammaEr_1997,
  title = "{${\mathit{K}}^{\ensuremath{\pi}}{\phantom{\rule{0ex}{0ex}}=\phantom{\rule{0ex}{0ex}}0}^{+}$ and ${4}^{+}$ Two-Phonon $\ensuremath{\gamma}$-Vibrational States in ${}^{166}\mathrm{Er}$}",
  author = {Garrett, P. E. and Kadi, M. and Li, Min and McGrath, C. A. and Sorokin, V. and Yeh, Minfang and Yates, S. W.},
  journal = {Phys. Rev. Lett.},
  volume = {78},
  issue = {24},
  pages = {4545--4548},
  numpages = {0},
  year = {1997},
  month = {Jun},
}
@article{Lehmann_doublegamma168Er_1998,
  title = "{Lifetimes of the lowest ${2}_{{K}^{\ensuremath{\pi}}{=0}^{+}}^{+}$ levels in ${}^{168}$Er and ${}^{164}$Dy}",
  author = {Lehmann, H. and Jolie, J. and Corminboeuf, F. and B\"orner, H. G. and Doll, C. and Jentschel, M. and Casten, R. F. and Zamfir, N. V.},
  journal = {Phys. Rev. C},
  volume = {57},
  issue = {2},
  pages = {569--576},
  numpages = {0},
  year = {1998},
  month = {Feb},
}
@article{PhysRevC.69.034334,
  title = "{Transition probabilities in $^{154}\mathrm{Gd}$: Evidence for X(5) critical point symmetry}",
  author = {Tonev, D. and Dewald, A. and Klug, T. and Petkov, P. and Jolie, J. and Fitzler, A. and M\"oller, O. and Heinze, S. and von Brentano, P. and Casten, R. F.},
  journal = {Phys. Rev. C},
  volume = {69},
  issue = {3},
  pages = {034334},
  numpages = {6},
  year = {2004},
  month = {Mar},
}
@article{Zamfir_doubleoctupole_2002,
  title = {Interpreting recent measurements of ${0}^{+}$ states in ${}^{158}\mathrm{Gd}$},
  author = {Zamfir, N. V. and Zhang, Jing-ye and Casten, R. F.},
  journal = {Phys. Rev. C},
  volume = {66},
  issue = {5},
  pages = {057303},
  numpages = {3},
  year = {2002},
  month = {Nov},
}
@article{Sun_0plusnature_PSM_2003,
  title = "{Nature of excited ${0}^{+}$ states in $^{158}\mathrm{Gd}$ described by the projected shell model}",
  author = {Sun, Yang and Aprahamian, Ani and Zhang, Jing-ye and Lee, Ching-Tsai},
  journal = {Phys. Rev. C},
  volume = {68},
  issue = {6},
  pages = {061301},
  numpages = {4},
  year = {2003},
  month = {Dec},
}
@article{Pascu_octupole_2015,
  title = "{Detailed spectroscopy of quadrupole and octupole states in $^{168}\mathrm{Yb}$}",
  author = {Pascu, S. and Bucurescu, D. and others},
  journal = {Phys. Rev. C},
  volume = {91},
  issue = {3},
  pages = {034321},
  numpages = {13},
  year = {2015},
  month = {Mar},
}
@article{Garrett_2009_negShapeCoex,
  title = "{New Features of Shape Coexistence in $^{152}\mathrm{Sm}$}",
  author = "{Garrett, P. E. and Kulp, W. D. and Wood, J. L. and Bandyopadhyay, D. and Choudry, S. and Dashdorj, D. and Lesher, S. R. and McEllistrem, M. T. and Mynk, M. and Orce, J. N. and Yates, S. W.}",
  journal = {Phys. Rev. Lett.},
  volume = {103},
  issue = {6},
  pages = {062501},
  numpages = {4},
  year = {2009},
  month = {Aug},
}
@article{Bucher_Octupole144Ba_2016,
  title = {Direct Evidence of Octupole Deformation in Neutron-Rich $^{144}\mathrm{Ba}$},
  author = {Bucher, B. and Zhu, S. and Wu, C. Y. and Janssens, R. V. F. and Cline, D. and Hayes, A. B. and Albers, M. and Ayangeakaa, A. D. and Butler, P. A. and Campbell, C. M. and Carpenter, M. P. and Chiara, C. J. and Clark, J. A. and Crawford, H. L. and Cromaz, M. and David, H. M. and Dickerson, C. and Gregor, E. T. and Harker, J. and Hoffman, C. R. and Kay, B. P. and Kondev, F. G. and Korichi, A. and Lauritsen, T. and Macchiavelli, A. O. and Pardo, R. C. and Richard, A. and Riley, M. A. and Savard, G. and Scheck, M. and Seweryniak, D. and Smith, M. K. and Vondrasek, R. and Wiens, A.},
  journal = {Phys. Rev. Lett.},
  volume = {116},
  issue = {11},
  pages = {112503},
  numpages = {5},
  year = {2016},
  month = {Mar},
}
@article{PhysRev.166.1227,
  title = {Half-Lives of the Excited States of $^{46}\mathrm{Ti}$, $^{84}\mathrm{Rb}$, $^{99}\mathrm{Tc}$, $^{162}\mathrm{Dy}$, $^{164}\mathrm{Er}$, and $^{196}\mathrm{Au}$},
  author = {Sethi, B. and Mukherjee, S. K.},
  journal = {Phys. Rev.},
  volume = {166},
  issue = {4},
  pages = {1227--1233},
  numpages = {0},
  year = {1968},
  month = {Feb},
}
@article{PhysRevC.64.024316,
  title = {Properties of ${}^{112}\mathrm{Cd}$ from the ${(n,n}^{\ensuremath{'}}\ensuremath{\gamma})$ reaction: Levels and level densities},
  author = {Garrett, P. E. and Lehmann, H. and Jolie, J. and McGrath, C. A. and Yeh, Minfang and Younes, W. and Yates, S. W.},
  journal = {Phys. Rev. C},
  volume = {64},
  issue = {2},
  pages = {024316},
  numpages = {27},
  year = {2001},
  month = {Jul},
}
@article{Burke_hexadecapole1994,
  title = "{Hexadecapole-Phonon versus Double-$\gamma$-Phonon Interpretation for K$^\pi$=4$^+$ Bands in Deformed Even-Even Nuclei}",
  author = {D.G. Burke},
  journal = {Phys. Rev. Lett.},
  volume = {73},
  issue = {14},
  year = {1994},
  month = {Oct},
}
@article{Lesher_Mo_nnp,
  title = {Low-spin structure of $^{96}\mathrm{Mo}$ studied with the ($n,{n}^{\ensuremath{'}}\ensuremath{\gamma}$) reaction},
  author = {Lesher, S. R. and McKay, C. J. and Mynk, M. and Bandyopadhyay, D. and Boukharouba, N. and Fransen, C. and Orce, J. N. and McEllistrem, M. T. and Yates, S. W.},
  journal = {Phys. Rev. C},
  volume = {75},
  issue = {3},
  pages = {034318},
  numpages = {16},
  year = {2007},
  month = {Mar},
}
@article{Shimada_rotational,
  title = {Realistic description of rotational bands in rare earth nuclei by the angular-momentum-projected multicranked configuration-mixing method},
  author = {Shimada, Mitsuhiro and Tagami, Shingo and Shimizu, Yoshifumi R.},
  journal = {Phys. Rev. C},
  volume = {93},
  issue = {4},
  pages = {044317},
  numpages = {9},
  year = {2016},
  month = {Apr},
  publisher = {American Physical Society},
  doi = {10.1103/PhysRevC.93.044317},
  url = {http://link.aps.org/doi/10.1103/PhysRevC.93.044317}
}
@article{Spiecker_E1strength,
  title = "{Origin of Low-Lying Enhanced $E1$ Strength in Rare-Earth Nuclei}",
  author = {Spieker, M. and Pascu, S. and Zilges, A. and Iachello, F.},
  journal = {Phys. Rev. Lett.},
  volume = {114},
  issue = {19},
  pages = {192504},
  numpages = {5},
  year = {2015},
  month = {May},
}

@article{Solovev_162K2octupole,
  author="V. G. {Soloviev} and A. V. {Sushkov} and N. Yu. {Shirikova}",
  title="Low-Lying Nonrotational States in Strongly Deformed Even-Even Nuclei of the Rare-Earth Region",
  journal="Fiz.Elem.Chastits At.Yadra",
  year="1996",
  volume="27",
  pages="1643"
}
@book{Iachello_Arima_IBM,
author = "F. Iachello and A. Arima",
title = "{The Interacting Boson Model}",
publisher = "Cambridge University Press",
year = "1987",
address="Cambridge"
}
@article{BERZINS1995413,
title = "{$^{162}$Dy studied with (n, $\gamma$), (n, n$^\prime\gamma$), (d, p) and (d, t) reactions}",
journal = "Nuclear Physics A",
volume = "584",
number = "3",
pages = "413 - 448",
year = "1995",
author = "J. Berzins and P. Prokofjevs and R. Georgii and R. Hucke and T. von Egidy and G. Hlawatsch and J. Klora and H. Lindner and U. Mayerhofer and H.H. Schmidt and A. Walter and V.G. Soloviev and N.Yu. Shirikova and A.V. Sushkov",
}
@article{PhysRevC.54.679,
  title = "{Is there experimental evidence for an interpretation of the lowest     \textit{K}  =0 collective excitation of deformed nuclei as a phonon excitation of the \ensuremath{\gamma} band?}",
  author = "{G\"unther, C. and Boehmsdorff, S. and Freitag, K. and Manns, J. and M\"uller, U.}",
  journal = {Phys. Rev. C},
  volume = {54},
  issue = {2},
  pages = {679--683},
  numpages = {0},
  year = {1996},
  month = {Aug},
}
@article{KORTEN_1993,
title = "Observation of a harmonic two-phonon vibration in a deformed nucleus",
journal = "Physics Letters B",
volume = "317",
number = "1",
pages = "19 - 24",
year = "1993",
author = "W. Korten and T. Härtlein and J. Gerl and D. Habs and D. Schwalm",

}
@article{OEHLBERG_BE3,
title = "Coulomb excitation studies of $^{160}$Dy, $^{162}$Dy and $^{164}$Dy",
journal = "Nuclear Physics A",
volume = "219",
number = "3",
pages = "543 - 562",
year = "1974",
author = "R.N. Oehlberg and L.L. Riedinger and A.E. Rainis and A.G. Schmidt and E.G. Funk and J.W. Mihelich",

}

@article{CHARVET_162Dy5minus,
title = "Lifetimes and structures of some levels above 1.5 MeV in $^{168}$Yb, $^{164}$Er and $^{158, 160, 162}$Dy",
journal = "Nuclear Physics A",
volume = "213",
number = "1",
pages = "117 - 124",
year = "1973",
author = "A. Charvet and R. Chéry and R. Duffait and M. Morgue and J. Sau",

}
@article{Genilloud_negparity168Er,
  title = {Lifetimes of negative parity states in ${}^{168}\mathrm{Er}$},
  author = {Genilloud, L. and Jolie, J. and B\"orner, H. G. and Lehmann, H. and Be\ifmmode \check{c}\else \v{c}\fi{}v\'a\ifmmode \check{r}\else \v{r}\fi{}, F. and Krti\ifmmode \check{c}\else \v{c}\fi{}ka, M. and Zamfir, N. V. and Casten, R. F.},
  journal = {Phys. Rev. C},
  volume = {62},
  issue = {3},
  pages = {034313},
  numpages = {8},
  year = {2000},
  month = {Aug},
}
@article{Lehmann_168Er_negparity,
  title = {Lifetimes of the lowest ${2}_{{K}^{\ensuremath{\pi}}{=0}^{+}}^{+}$ levels in ${}^{168}$Er and ${}^{164}$Dy},
  author = {Lehmann, H. and Jolie, J. and Corminboeuf, F. and B\"orner, H. G. and Doll, C. and Jentschel, M. and Casten, R. F. and Zamfir, N. V.},
  journal = {Phys. Rev. C},
  volume = {57},
  issue = {2},
  pages = {569--576},
  numpages = {0},
  year = {1998},
  month = {Feb},
}
@article{Maser_E1s_168Er,
  title = {Systematics of low-lying dipole excitations in the deformed even-even nuclei $^{164,166,168,170}\mathrm{Er}$},
  author = {Maser, H. and Lindenstruth, S. and Bauske, I. and Beck, O. and von Brentano, P. and Eckert, T. and Friedrichs, H. and Heil, R. D. and Herzberg, R.-D. and Jung, A. and Kneissl, U. and Margraf, J. and Pietralla, N. and Pitz, H. H. and Wesselborg, C. and Zilges, A.},
  journal = {Phys. Rev. C},
  volume = {53},
  issue = {6},
  pages = {2749--2762},
  numpages = {0},
  year = {1996},
  month = {Jun},
}
@article{MCGOWAN_168Er_E3,
title = "{Coulomb excitation of vibrational-like states in $^{166−170}$Er}",
journal = "Nuclear Physics A",
volume = "297",
number = "1",
pages = "51 - 60",
year = "1978",
author = "F.K. McGowan and W.T. Milner and R.L. Robinson and P.H. Stelson and Z.W. Grabowski",
}
@article{DonnerGreiner_1966,
  title = "{Octupole vibrations of deformed nuclei}",
  author = "{Donner, W. and Greiner, W.}",
  journal = {Z. Phys.},
  volume = {197},
  issue = {4},
  pages = {440--472},
  year = {1966}
}
@article{Soloviev_QuadHex,
  title = "{Quadrupole and Hexadecapole Vibrational Excitations in Deformed Nuclei}",
  author = "{V.~G. Solviev}",
  journal = {International Journal of Modern Physics E, Nuclear Physics},
  volume = {06},
  issue = {03},
  pages = {437--473},
  year = {1997}
}
  
  @article{Crider_76Ge_cindy,
  title = "{Inelastic neutron scattering cross sections for $^{76}\mathrm{Ge}$ relevant to background in neutrinoless double-$\ensuremath{\beta}$ decay experiments}",
  author = "{Crider, B. P. and Peters, E. E. and Allmond, J. M. and McEllistrem, M. T. and Prados-Est\'evez, F. M. and Ross, T. J. and Vanhoy, J. R. and Yates, S. W.}",
  journal = {Phys. Rev. C},
  volume = {92},
  issue = {3},
  pages = {034310},
  numpages = {7},
  year = {2015},
  month = {Sep},
}
@article{Garrett_OctHex,
  author="{P.E. Garrett and others}",
  title="{Octupole and hexadecapole bands in $^{152}$Sm}",
  journal={Journal of Physics G: Nuclear and Particle Physics},
  volume={31},
  number={10},
  pages={S1855},
  year={2005},
  }
@Article{Peters2016_Pdshapecoex,
author="{Peters, E.E. and others}",
title="{E0 transitions in $^{106}$Pd: Implications for shape coexistence}",
journal="The European Physical Journal A",
year="2016",
volume="52",
number="4",
pages="1--5",
}
@article{GROTDAL1968385,
title = "Collective vibrational states in even dysprosium nuclei",
journal = "Nuclear Physics A",
volume = "110",
number = "2",
pages = "385 - 399",
year = "1968",
author = "T. Grotdal and K. Nybø and T. Thorsteinsen and B. Elbek",
}
@phdthesis{Meyer_thesis,
author="D.A. Meyer",
title="{Nuclear Structure Studies in the Rare Earth and Trans-lead Regions}",
school="Yale University",
year="2006"
}
@article{Caprio2005107,
title = "LevelScheme: A level scheme drawing and scientific figure preparation system for Mathematica ",
journal = "Computer Physics Communications ",
volume = "171",
number = "2",
pages = "107 - 118",
year = "2005",
author = "M.A. Caprio",

}
@misc{FitPic_Fribourg,
author="{University of Fribourg Nuclear Structure Group, Fribourg, Switzerland}",
title="{FiTPiC spectra fitting program, version 5.1-8, (1996)}",
version="5.1-8",
date="1996"
}
@article{Jentschel_156Gd_GRID,
  author={M Jentschel and L Sengele and D Curien and J Dudek and F Haas},
  title="{The negative parity bands in $^{156}$Gd}",
  journal={Physica Scripta},
  volume={89},
  number={5},
  pages={054017},
  url={http://stacks.iop.org/1402-4896/89/i=5/a=054017},
  year={2014},
}

@article{Corminboeuf_164Dy_gg,
  title = {${K}^{\ensuremath{\pi}}{=4}^{+}$ double-\ensuremath{\gamma} vibration in ${}^{164}\mathrm{Dy}$},
  author = {Corminboeuf, F. and Jolie, J. and Lehmann, H. and F\"ohl, K. and Hoyler, F. and B\"orner, H. G. and Doll, C. and Garrett, P. E.},
  journal = {Phys. Rev. C},
  volume = {56},
  issue = {3},
  pages = {R1201--R1205},
  numpages = {0},
  year = {1997},
  month = {Sep},
  publisher = {American Physical Society},
  doi = {10.1103/PhysRevC.56.R1201},
  url = {http://link.aps.org/doi/10.1103/PhysRevC.56.R1201}
}
@article{Younes_170Er_conf_proc_gg,
   author = "Younes, W. and Archer, D. E. and Becker, J. A. and Bernstein, L. A. and Garrett, P. E. and Warr, N. and Kadi, M. and Martin, A. and Yates, S. W. and Johns, G. D. and Nelson, R. O. and Wilburn, W. S.",
   title = "{Two-phonon excitations in $^{170}$Er}",
   journal = "AIP Conference Proceedings",
   year = "1999",
   volume = "481",
   number = "1", 
   pages = "464-472",
   url = "http://scitation.aip.org/content/aip/proceeding/aipcp/10.1063/1.59530",
   doi = "http://dx.doi.org/10.1063/1.59530" 
}
@article{Terasaki_rare_earths,
author = {Terasaki, Jun}, 
title = "{Testing Skyrme Energy-Density Functionals with the QRPA in Low-lying Vibrational States of Rare-Earth Nuclei}",
volume = {196}, 
pages = {377-381}, 
year = {2012}, 
doi = {10.1143/PTPS.196.377}, 
abstract ={γ-vibrational states of even-even rare-earth nuclei are calculated by making use of Skyrme-quasiparticle random-phase approximation (QRPA), and the energies and transition probabilities are compared with experimental data. Our result shows that SkM* is better than SLy4. It is also shown that many-body correlations not included in the QRPA calculation appear in the data. Relation between the pairing strength and the cutoff is discussed.}, 
URL = {http://ptps.oxfordjournals.org/content/196/377.abstract}, 
eprint = {http://ptps.oxfordjournals.org/content/196/377.full.pdf+html}, 
journal = {Progress of Theoretical Physics Supplement} 
}
@article{Delaroche_Gogny_rare_earths,
  title = "{Structure of even-even nuclei using a mapped collective Hamiltonian and the D1S Gogny interaction}",
  author = {Delaroche, J. -P. and Girod, M. and Libert, J. and Goutte, H. and Hilaire, S. and P\'eru, S. and Pillet, N. and Bertsch, G. F.},
  journal = {Phys. Rev. C},
  volume = {81},
  issue = {1},
  pages = {014303},
  numpages = {23},
  year = {2010},
  month = {Jan},
  publisher = {American Physical Society},
  doi = {10.1103/PhysRevC.81.014303},
  url = {http://link.aps.org/doi/10.1103/PhysRevC.81.014303}
}
@Article{Grigoriev2012,
author="Grigoriev, E. P.",
title="{Structure of levels of the $^{160}$Gd nucleus}",
journal="Physics of Atomic Nuclei",
year="2012",
volume="75",
number="12",
pages="1427--1431",
}
@article{Aprahamian_118Cd,
  title = "{First observation of a near-harmonic vibrational nucleus}",
  author = "{Aprahamian, A. and Brenner, D. S. and Casten, R. F. and Gill, R. L. and Piotrowski, A.}",
  journal = {Phys. Rev. Lett.},
  volume = {59},
  issue = {5},
  pages = {535--538},
  numpages = {0},
  year = {1987},
  month = {Aug},
}
@book{Greiner_Maruhn_text,
title="{Nuclear Models}",
author="W. Greiner and J.~A. Maruhn",
edition="1",
publisher="Springer",
address="Berlin",
year="1996",
}

@article{Aprahamian_162Dy_GRID,
  title = "{Lifetime measurements in $^{162}$Dy}",
  author = "{Aprahamian, A. and S. R. Lesher and  C. Casarella and H. G. B\"{o}rner and M. Jentschel}",
  journal = {Phys. Rev. C},
  volume = {95},
  issue = {2},
  pages = {024329},
  year = {2017},
  month = {Feb},
}



	


