%%%INTRO


@article{Aprahamian2002,
  title = "{Lifetime measurements of excited ${K}^{\ensuremath{\pi}}{=0}^{+}$ bands in ${}^{178}\mathrm{Hf}$}",
  author = {Aprahamian, A. and de Haan, R. C. and B\"orner, H. G. and Lehmann, H. and Doll, C. and Jentschel, M. and Bruce, A. M. and Piepenbring, R.},
  journal = {Phys. Rev. C},
  volume = {65},
  issue = {3},
  pages = {031301},
  numpages = {4},
  year = {2002},
  month = {Feb},
}
@article{Aprahamian200642,
title = "Complete spectroscopy of the {$^{162}$Dy} nucleus ",
journal = "Nuclear Physics A ",
volume = "764",
number = "",
pages = "42 - 78",
year = "2006",
note = "",
issn = "0375-9474",
author = {A. Aprahamian and X. Wu and S.R. Lesher and D.D. Warner and W. Gelletly and H.G. B\"orner and F. Hoyler and K. Schreckenbach and R.F. Casten and Z.R. Shi and D. Kusnezov and M. Ibrahim and A.O. Macchiavelli and M.A. Brinkman and J.A. Becker},
}
@article{Aprahamian2004,
title = "{From ripples to tidal waves: Low lying vibrational motion in nuclei}",
journal = "Nuclear Physics A ",
volume = "731",
number = "",
pages = "291 - 298",
year = "2004",
note = "",
author = "A. Aprahamian",
}
@article{Belgya_DSAM1996,
title = "{Analysis of Doppler-shift attenuation measurements performed with accelerator-produced monoenergetic neutrons}",
journal = "Nuclear Physics A",
volume = "607",
number = "",
pages = "43 - 61",
year = "1996",
note = "",
author = "T. Belgya and G. Molnar and S.~W. Yates",
}
@article{Bender_pairing2000,
title = "{Pairing Gaps from Nuclear Mean-Field Models}",
journal = "EPJ manuscript CHECK",
volume = "731",
number = "",
pages = "291 - 298",
year = "2004",
note = "",
author = "M. Bender and K. Rutz and P.~G. Reinhard and J.~A. Maruhn",
}
@article{Borner_collective1999,
  title = "{Ultrahigh resolution study of collective modes in $^{158}$Gd}",
  author = {B\"orner, H. G. and Jentschel, M. and Zamfir, N. V. and Casten, R. F. and Krticka, M. and Andrejtscheff, W.},
  journal = {Phys. Rev. C},
  volume = {59},
  issue = {5},
  pages = {2432--2439},
  numpages = {0},
  year = {1999},
  month = {May},
  }
  @article{Casten_deformation1981,
  title = "{Relation between the $Z=64$ Shell Closure and the Onset of Deformation at $N=88-90$}",
  author = {Casten, R. F. and Warner, D. D. and Brenner, D. S. and Gill, R. L.},
  journal = {Phys. Rev. Lett.},
  volume = {47},
  issue = {20},
  pages = {1433--1436},
  numpages = {0},
  year = {1981},
  month = {Nov},
  
}
@article{Chakraborty_negparity2012,
  title = "{New decay pattern of negative-parity states at $N=90$}",
  author = {Chakraborty, A. and Prados-Est\'evez, F. M. and Choudry, S. N. and Crider, B. P. and Garrett, P. E. and Kulp, W. D. and Kumar, A. and McEllistrem, M. T. and Mukhopadhyay, S. and Mynk, M. G. and Orce, J. N. and Peters, E. E. and Wood, J. L. and Yates, S. W.},
  journal = {Phys. Rev. C},
  volume = {86},
  issue = {6},
  pages = {064314},
  numpages = {6},
  year = {2012},
  month = {Dec},
  }
@article{Gibson_BlockingLifetimes1975,
author = { W M Gibson },
title = "{Blocking Measurements of Nuclear Decay Times}",
journal = {Annual Review of Nuclear Science},
volume = {25},
number = {1},
pages = {465-508},
year = {1975},
}
@article{Clark_pairtransfer2009,
  title = "{Unified framework for understanding pair transfer between collective states in atomic nuclei}",
  author = {Clark, R. M. and Casten, R. F. and Bettermann, L. and Winkler, R.},
  journal = {Phys. Rev. C},
  volume = {80},
  issue = {1},
  pages = {011303},
  numpages = {5},
  year = {2009},
  month = {Jul},
}
@article{ENGELBRECHT1970187,
title = "Multiple scattering correction for inelastic scattering from cylindrical targets",
journal = "Nuclear Instruments and Methods",
volume = "80",
number = "2",
pages = "187 - 191",
year = "1970",
author = "C.A. Engelbrecht",

}
@article{Garrett_DSAM_INS2000,
  title = "{Nuclear Structure Studies With the Inelastic Neutron Scattering Reaction and Gamma-Ray Detection}",
  author = {Garrett, P. E. and Warr, N. and Yates, S. W.},
  journal = {J. Res. Natl. Inst. Stand. Technol.},
  volume = {105},
  issue = {1},
  pages = {141 - 145},
  year = {2000},
  month = {Jan-Feb},
}
@article{Garrett_110Cd2008,
  title = "{Breakdown of vibrational motion in the isotopes $^{110\text{-}116}$Cd}",
  author = {Garrett, P. E. and Green, K. L. and Wood, J. L.},
  journal = {Phys. Rev. C},
  volume = {78},
  issue = {4},
  pages = {044307},
  numpages = {17},
  year = {2008},
  month = {Oct},
}
@article{Garrett_betavib2001,
  author={P E Garrett},
  title="{Characterization of the $\beta$ vibration and 0$^+_2$ states in deformed nuclei}",
  journal={Journal of Physics G: Nuclear and Particle Physics},
  volume={27},
  number={1},
  pages={R1},
  year={2001},
  }
  @article{GRAETZER19661,
title = "Vibrational states of deformed nuclei populated by the (p, 2n) reaction",
journal = "Nuclear Physics",
volume = "76",
number = "1",
pages = "1 - 44",
year = "1966",
author = "R. Graetzer and G.B. Hagemann and K.A. Hagemann and B. Elbek",
}
@article{Gupta_BE2quad2014,
  title = "{Test of the Grodzins product rule in $N$ = 88 isotones and the role of the $Z$ = 64 subshell}",
  author = {Gupta, J. B.},
  journal = {Phys. Rev. C},
  volume = {89},
  issue = {3},
  pages = {034321},
  numpages = {5},
  year = {2014},
  month = {Mar},
}
@article{Honig_5minus1969,
  title = "{Messung von Halbertszeiten K-berbotener \"Uberg\"ange in gg-Kernen der Seltenen Erden}",
  author = {H\"onig, V.},
  journal = {Z. Physik},
  volume = {225},
  pages = {327 - 335},
  numpages = {5},
  year = {1969},
  }
@article{JAMMARI_1988,
title = "Anharmonicities of $\gamma$-vibrations in deformed nuclei",
journal = "Nuclear Physics A",
volume = "487",
number = "1",
pages = "77 - 91",
year = "1988",
note = "",
author = "M.K. Jammari and R. Piepenbring",
}
@book{Knoll_text,
author = "G.~F Knoll",
title = "{Radiation Detection and Measurement}",
publisher = "John Wiley \& Sons",
year = "2000",
edition ="{Third}",
}
@book{CONTE_NUMERICAL_text,
author = "{S.~D. Conte and C. de Boor}",
title="{Elementary Numerical Methods of Analysis: An Algorithmic Approach}"
note = "{Piecewise Cubic Polyonmial Interpolation Program for Interpolation of Photon Cross Sections}",
publisher = "McGraw-Hill",
year = "1972",
address="{New York}"
edition ="{Second}",
}
@article{Lovhoiden_160pt,
  author="{G. L$\o$vh$\o$iden and T.~F. Thorsteinsen and D.~G. Burke}",
  title="{States in $^{160,162}$Gd Studied with the (t, p) Reaction}",
  journal={Physica Scripta},
  volume={34},
  number={6A},
  pages={691},
  year={1986},
}
@article{McGowan_BE2_1981,
  title = "{Reduced $M1$, $E1$, $E2$, and $E3$ transition probabilities for transitions in $^{156-160}\mathrm{Gd}$ and $^{160-164}\mathrm{Dy}$}",
  author = {McGowan, F. K. and Milner, W. T.},
  journal = {Phys. Rev. C},
  volume = {23},
  issue = {5},
  pages = {1926--1937},
  numpages = {0},
  year = {1981},
  month = {May},
}
@article{Meyer_pt0_2006,
  title = "{Extensive investigation of ${0}^{+}$ states in rare earth region nuclei}",
  author = {Meyer, D. A. and Wood, V. and Casten, R. F. and Fitzpatrick, C. R. and Graw, G. and Bucurescu, D. and Jolie, J. and Brentano, P. von and Hertenberger, R. and Wirth, H.-F. and Braun, N. and Faestermann, T. and Heinze, S. and Jerke, J. L. and Kr\"ucken, R. and Mahgoub, M. and M\"oller, O. and M\"ucher, D. and Scholl, C.},
  journal = {Phys. Rev. C},
  volume = {74},
  issue = {4},
  pages = {044309},
  numpages = {12},
  year = {2006},
  month = {Oct},
}
@article{NEERGARD197033,
title = "{Low-lying octupole states of the doubly even deformed nuclei with 152 $\leq$ A $\leq$ 190}",
journal = "Nuclear Physics A",
volume = "145",
number = "1",
pages = "33 - 80",
year = "1970",
author = "K. Neergard and P. Vogel",
}
@article{PETERS_DSAM2013,
title = "{Level lifetimes in the stable Zr nuclei: Effects of chemical properties in Doppler-shift measurements}",
journal = "Physical Review C",
volume = "88",
pages = "024316",
year = "2013",
note = "",
author = "E.~E. Peters and A. Chakraborty and B.~P. Crider and B.~H. Davis and M.~K. Gnanamani and M.~T. McEllistrem and F.~M. Prados-Estevez and J.~R. Vanhoy and S.~W. Yates",
month="Aug"
}
@article{PIEPENBRING_negpar_1991,
title = "{On the interpretation of low-lying negative-parity states in even-even transitional nuclei of the barium region}",
journal = "Physics Letters B",
volume = "267",
number = "1",
pages = "17 - 22",
year = "1991",
note = "",
author = "R. Piepenbring and J. Leandri",
}
@article{Pietrella_beta_2004,
  title = "{Evolution of the ``$\ensuremath{\beta}$ excitation'' in axially symmetric transitional nuclei}",
  author = {Pietralla, N. and Gorbachenko, O. M.},
  journal = {Phys. Rev. C},
  volume = {70},
  issue = {1},
  pages = {011304},
  numpages = {5},
  year = {2004},
  month = {Jul},
}
@article{SharpeySchafer_beta2011,
	author = {{Sharpey-Schafer, J.F.} and {Mullins, S.M.} and {Bark, R.A.} and {Kau, J.} and {Komati, F.} and {Lawrie, E.A.} and {Lawrie, J.J.} and {Madiba, T.E.} and {Maine, P.} and {Minkova, A.} and {Murray, S.H.T.} and {Ncapayi, N.J.} and {Vymers, P.A.}},
	title = "{Congruent band structures in $^{154}$Gd: Configuration-dependent pairing, a double vacuum and lack of $\beta$ -vibrations}",
	journal = {Eur. Phys. J. A},
	year = "2011",
	volume = "47",
	number = "1",
	pages = "5",
	month = "Jan",
}
@article{SHELDON197399,
title = "{Computation of total and differential cross section for compound nuclear reactions of the type (a,a), (a,a'), (a,b), (a,$\gamma$), (a,$\gamma$-$\gamma$), (a,b$\gamma$) and (a,b$\gamma$-$\gamma$)}",
journal = "Computer Physics Communications",
volume = "6",
number = "3",
pages = "99 - 131",
year = "1973",
note = "",
author = "E. Sheldon and V.C. Rogers",

}
@phdthesis{GAMBIT_BORING1960,
author="J. Boring",
title="{Gamma-ray ABSortption Correction (ABSCOR)}",
school="University of Kentucky",
year="1960"
}
@article{Lesher_158Gdmain,
  title = "{Study of ${0}^{+}$ excitations in $^{158}\mathrm{Gd}$ with the ($n,{n}^{'}\ensuremath{\gamma}$) reaction}",
  author = {Lesher, S. R. and Orce, J. N. and Ammar, Z. and Hannant, C. D. and Merrick, M. and Warr, N. and Brown, T. B. and Boukharouba, N. and Fransen, C. and Scheck, M. and McEllistrem, M. T. and Yates, S. W.},
  journal = {Phys. Rev. C},
  volume = {76},
  issue = {3},
  pages = {034318},
  numpages = {9},
  year = {2007},
  month = {Sep},
}
@article{Lesher_158Gdpt,
  title = "{New ${0}^{+}$ excitations in $^{158}\mathrm{Gd}$}",
  author = {Lesher, S. R. and A. Aprahamian and L. Trache and A. Oros-Peusquens and S. Deyliz and A. Gollwitzer and R. Hertenberger and B.~D. },
  journal = {Phys. Rev. C},
  volume = {66},
  issue = {5},
  pages = {051305},
  numpages = {4},
  year = {2002},
  month = {Nov},
}
@article{WINTERBON_1975,
title = "{An analytic theory of Doppler-shift attenuation}",
journal = "Nuclear Physics A",
volume = "246",
number = "2",
pages = "293 - 316",
year = "1975",
note = "",
author = "K.B. Winterbon",
}
@article{Wu_2minus_2001,
  title = {Electromagnetic properties of the rotationally aligned band in ${}^{162}\mathrm{Dy}$},
  author = {Wu, C. Y. and Cline, D. and Simon, M. W. and Davis, G. A. and Teng, R. and Macchiavelli, A. O. and Vetter, K.},
  journal = {Phys. Rev. C},
  volume = {64},
  issue = {6},
  pages = {064317},
  numpages = {9},
  year = {2001},
  month = {Nov},
}
@article{WuAprahamian_multiphonon_1994,
  title = {Multiphonon vibrational states in deformed nuclei},
  author = {Wu, X. and Aprahamian, A. and Fischer, S. M. and Reviol, W. and Liu, G. and Saladin, J. X.},
  journal = {Phys. Rev. C},
  volume = {49},
  issue = {4},
  pages = {1837--1844},
  numpages = {0},
  year = {1994},
  month = {Apr},
}
@article{Zamfir_162Dy0_1999,
  title = "{Status of the ${K}^{\ensuremath{\pi}}{=0}_{2}^{+}$ band in ${}^{162}\mathrm{Dy}$}",
  author = {Zamfir, N. V. and Casten, R. F. and Liu, Benyuan and Brenner, D. S. and Barton, C. J. and Kr\"ucken, R. and Beausang, C. W. and Novak, J. R. and Cooper, J. R. and Cata-Danil, G. and Gill, R. L. and Warner, D. D.},
  journal = {Phys. Rev. C},
  volume = {60},
  issue = {5},
  pages = {054319},
  numpages = {7},
  year = {1999},
  month = {Oct},
}
@article{Zilges_K0dipole,
  title = "{A survey of $\Delta$K=0 dipole transitions from low lying J=1 states in rare earth nuclei}",
  author = {Zilges, A. and von Brentano, P. and Friedrichs, H. and Heil, R.D. and Kneissl, U. and Lindestruth, S. and Pitz, H.H. and Wesselborg, C.},
  journal = {Z Phys. A - Hadrons and Nuclei},
  volume = {340},
  pages = {155 - 158},
  year = {1991},
  month = {Apr},
}
@book{Wong_text,
author = "Samuel S.M. Wong",
title = "{Introductory Nuclear Physics}",
publisher = "Wiley-VCH",
year = "1998",
edition ="{Second}",
}
@book{Casten_text,
author = "Richard F. Casten",
title = "{Nuclear Structure from a Simple Perspective}",
publisher = "Oxford University Press",
year = "1990",
edition ="{Second}",
}
@book{BohrMott_text,
author = "Aage Bohr and Ben R. Mottelson",
title = "{Nuclear Structure}",
publisher = "World Scientific Publishing Co.",
year = "1975",
edition ="{First}",
volume="II"
}
@article{Koning_OMP_2002,
  title = "{Local and global nucleon optical models from 1 keV to 200 MeV}",
  author = {Koning, A.J. and Delaroche, J.P.},
  journal = {Nuclear Physics A},
  volume = {713},
  pages = {231 - 310},
  year = {2003},
  month = {Oct},
}
@book{Heyde_text,
author = "K. Heyde",
title = "{Basic Ideas and Concepts in Nuclear Physics}",
publisher = "Institute of Physics Publishing",
year = "1999",
edition ="{Second}",
}
@book{BlattWeiss_text,
author = "J.M. Blatt and V.F. Weisskopf",
title = "{Theoretical Nuclear Physics}",
publisher = "Wiley",
year = "1952",
}
@book{Poenaru_text,
author = "D.~N. Poenaru and Walter Greiner",
title = "{Experimental Techniques in Nuclear Physics}",
publisher ="Walter de Gruyter",
year = "1997",
}
@book{Pelte_text,
author = "D. Pelte and D. Schwalm",
title = "{Heavy Ion Collisions}",
volume="3",
editor="R. Bock"
publisher ="North-Holland",
year = "1982",
}
@misc{Garrett_phononpic,
author="{P.~E. Garrett}",
url="http://www.physics.uoguelph.ca/~pgarrett/Collective-ex-def.htm",
month="Mar",
year="2007"
}
@misc{Q3D_pic,
author="SPIRIT",
url="http://www.spirit-ion.eu/tl_files/spirit_ion/bilder/ia_1_magnetic_spectrograph_large.jpg"
}
@article{RevModPhys.83.1467,
  title = "{Shape coexistence in atomic nuclei}",
  author = "{Heyde, Kris and Wood, John L.}",
  journal = {Rev. Mod. Phys.},
  volume = {83},
  issue = {4},
  pages = {1467--1521},
  numpages = {0},
  year = {2011},
  month = {Nov},
}
@article{Ilie_E02011,
  title = "{$\textit{E0}$ transitions in deformed nuclei}",
  author = "{Gabriela Ilie and Richard~F. Casten}",
  journal = {Phys. Rev. C},
  volume = {84},
  issue = {6},
  pages = {064320},
  numpages = {6},
  year = {2011},
  month = {Dec},
}
@article{Casten_0plusbehavior2005,
  title = "{Anomalous behavior of the first excited 0$^+$ state in N$\approx$Z nuclei}",
  author = "{Casten, R.~F. and Hasegawa, M. and Mizusaki, T. Jing-ye, Zhang and E.~A. McCutchan and N.~V. Zamfir and Kr\"{u}cken, R.}",
  journal = {Phys. Rev. C},
  volume = {71},
  issue = {1},
  pages = {014319},
  numpages = {4},
  year = {2005},
  month = {Jan},
}
@article{Bonatsos_collective02009,
  title = "{Regularities and symmetries of subsets of collective 0$^+$ states}",
  author = "{Bonatsos, Dennis and E.~A. McCutchan and Casten, R.~F. Casperson, R.~J. and Werner, V. and Williams, E.}",
  journal = {Phys. Rev. C},
  volume = {80},
  issue = {3},
  pages = {034311},
  numpages = {8},
  year = {2009},
  month = {Sep},
}
@article{Bohr_pairing1958,
  title = "{Possible Analogy between the Excitation Spectra of Nuclei and Those of the Superconducting Metallic State}",
  author = "{Bohr, A. and B.~R. Mottelson and D. Pines}",
  journal = {Physical Review},
  volume = {110},
  issue = {4},
  pages = {936-938},
  numpages = {3},
  year = {1958},
  month = {May},
}
@Article{Govor_162Dy2002,
author="Govor, L. I. and Demidov, A. M. and Kurkin, V. A.",
title="{Multipole mixtures in $\gamma$ transitions accompanying the (n, n$^\prime\gamma$) reaction on $^{162}$Dy}",
journal="Physics of Atomic Nuclei",
year="2002",
volume="65",
number="5",
pages="785--794",
abstract="By using a beam of fast reactor neutrons, the angular distributions of gamma radiation from the (n,n{\textasciiacutex}$\gamma$) reaction on 162Dy are measured with respect to the axis of this beam. The values of the multipole-mixing parameter $\delta$ are found for many gamma transitions between levels whose spins and parities are known.",
}
@article{Yates_162nnp1995,
  title = {Lifetime measurements of scissors mode excitations in $^{162,164}\mathrm{Dy}$},
  author = {Johnson, E. L. and Baum, E. M. and DiPrete, D. P. and Gatenby, R. A. and Belgya, T. and Wang, D. and Vanhoy, J. R. and McEllistrem, M. T. and Yates, S. W.},
  journal = {Phys. Rev. C},
  volume = {52},
  issue = {5},
  pages = {2382--2386},
  numpages = {0},
  year = {1995},
  month = {Nov},
  publisher = {American Physical Society}
}
@article{MANG_pairing1965353,
title = "Nuclear structure and pairing correlations for the heavy elements",
journal = "Nuclear Physics",
volume = "64",
number = "3",
pages = "353 - 378",
year = "1965",
author = "H.J. Mang and J.K. Poggenburg and J.O. Rasmussen",
}
@article{Margraf_gg'NRF_1995,
  title = "{Systematics of low-lying dipole strengths in odd and even Dy and Gd isotopes}",
  author = {Margraf, J. and Eckert, T. and Rittner, M. and Bauske, I. and Beck, O. and Kneissl, U. and Maser, H. and Pitz, H. H. and Schiller, A. and Brentano, P. von and Fischer, R. and Herzberg, R.-D. and Pietralla, N. and Zilges, A. and Friedrichs, H.},
  journal = {Phys. Rev. C},
  volume = {52},
  issue = {5},
  pages = {2429--2443},
  numpages = {0},
  year = {1995},
  month = {Nov}
}
@article{WESSELBORG198822,
title = "Photoexcitation of dipole modes in 160,162,164Dy",
journal = "Physics Letters B",
volume = "207",
number = "1",
pages = "22 - 26",
year = "1988",
author = "C. Wesselborg and P. Von Brentano and K.O. Zell and R.D. Heil and H.H. Pitz and U.E.P. Berg and U. Kneissl and S. Lindenstruth and U. Seemann and R. Stock",
}
@article{Sharpey-Schafer2011,
author={Sharpey-Schafer, J.~F. and Madiba, T.~E. and Bvumbi, S.~P. and Lawrie, E.~A. and Lawrie, J.~J. and Minkova, A. and Mullins, S.~M. and Papka, P. and Roux, D.~G. and Tim{\'a}r, J.},
title="{Blocking of coupling to the 0$_2^+$ excitation in $^{154}$Gd by the [505]11/2- neutron in $^{155}$Gd}",
journal="The European Physical Journal A",
year="2011",
volume="47",
number="1",
pages="1--4",
}
	
@article{Garrett_02_beta,
  author={P E Garrett},
  title={Characterization of the $\beta$ vibration and 0$^+_2$ states in deformed nuclei},
  journal={Journal of Physics G: Nuclear and Particle Physics},
  volume={27},
  number={1},
  pages={R1},
  year={2001},
 }
@article{Lesher_160Gd0s,
  title = {Collectivity of ${0}^{+}$ states in $^{160}\mathrm{Gd}$},
  author = {Lesher, S. R. and Casarella, C. and Aprahamian, A. and Crider, B. P. and Ikeyama, R. and Marsh, I. R. and McEllistrem, M. T. and Peters, E. E. and Prados-Est\'evez, F. M. and Smith, M. K. and Tully, Z. R. and Vanhoy, J. R. and Yates, S. W.},
  journal = {Phys. Rev. C},
  volume = {91},
  issue = {5},
  pages = {054317},
  numpages = {6},
  year = {2015},
  month = {May},
}
@article{Berzin_160Gd_reject0,
  author="Ya. Ya. {Berzin} and E. P. {Grigorev} and T. V. {Guseva} and Yu. Ya. {Tamberg}",
  title="The Levels of $^{160}$Gd Nucleus",
  journal="Izv.Akad.Nauk",
  year=1989,
  volume="SSSR",
  pages="Ser.Fiz. 53, 901"
}
@Article{Govor_160Gd_2009,
author="Govor, L. I.
and Demidov, A. M.
and Kurkin, V. A.
and Mikhailov, I. V.",
title="{Multipole mixtures in gamma transitions in the (n, n$^\prime\gamma$) reaction on $^{160}$Gd}",
journal="Physics of Atomic Nuclei",
year="2009",
volume="72",
number="11",
pages="1799--1811",
}
@article{Garrett_twogammaEr_1997,
  title = "{${\mathit{K}}^{\ensuremath{\pi}}{\phantom{\rule{0ex}{0ex}}=\phantom{\rule{0ex}{0ex}}0}^{+}$ and ${4}^{+}$ Two-Phonon $\ensuremath{\gamma}$-Vibrational States in ${}^{166}\mathrm{Er}$}",
  author = {Garrett, P. E. and Kadi, M. and Li, Min and McGrath, C. A. and Sorokin, V. and Yeh, Minfang and Yates, S. W.},
  journal = {Phys. Rev. Lett.},
  volume = {78},
  issue = {24},
  pages = {4545--4548},
  numpages = {0},
  year = {1997},
  month = {Jun},
}
@article{Lehmann_doublegamma168Er_1998,
  title = "{Lifetimes of the lowest ${2}_{{K}^{\ensuremath{\pi}}{=0}^{+}}^{+}$ levels in ${}^{168}$Er and ${}^{164}$Dy}",
  author = {Lehmann, H. and Jolie, J. and Corminboeuf, F. and B\"orner, H. G. and Doll, C. and Jentschel, M. and Casten, R. F. and Zamfir, N. V.},
  journal = {Phys. Rev. C},
  volume = {57},
  issue = {2},
  pages = {569--576},
  numpages = {0},
  year = {1998},
  month = {Feb},
}
@article{PhysRevC.69.034334,
  title = "{Transition probabilities in $^{154}\mathrm{Gd}$: Evidence for X(5) critical point symmetry}",
  author = {Tonev, D. and Dewald, A. and Klug, T. and Petkov, P. and Jolie, J. and Fitzler, A. and M\"oller, O. and Heinze, S. and von Brentano, P. and Casten, R. F.},
  journal = {Phys. Rev. C},
  volume = {69},
  issue = {3},
  pages = {034334},
  numpages = {6},
  year = {2004},
  month = {Mar},
}
@article{Zamfir_doubleoctupole_2002,
  title = {Interpreting recent measurements of ${0}^{+}$ states in ${}^{158}\mathrm{Gd}$},
  author = {Zamfir, N. V. and Zhang, Jing-ye and Casten, R. F.},
  journal = {Phys. Rev. C},
  volume = {66},
  issue = {5},
  pages = {057303},
  numpages = {3},
  year = {2002},
  month = {Nov},
}
@article{Sun_0plusnature_PSM_2003,
  title = "{Nature of excited ${0}^{+}$ states in $^{158}\mathrm{Gd}$ described by the projected shell model}",
  author = {Sun, Yang and Aprahamian, Ani and Zhang, Jing-ye and Lee, Ching-Tsai},
  journal = {Phys. Rev. C},
  volume = {68},
  issue = {6},
  pages = {061301},
  numpages = {4},
  year = {2003},
  month = {Dec},
}



